% This file was created with JabRef 2.10.
% Encoding: UTF-8


@Manual{Stanford,
  Title                    = {CS229T/STAT231: Statistical Learning Theory (Winter 2016)},
  Author                   = {Percy Liang},
  Edition                  = {Wed Apr 20 2016 01:36},
  Note                     = {Lecture Notes},
  Organization             = {Stanford University},
  Year                     = {2016},

  Owner                    = {mschledjewski},
  Timestamp                = {2016.08.17},
  Url                      = {web.stanford.edu/class/cs229t/notes.pdf},
  Urldate                  = {2016-08-17}
}

@Article{OMD,
  Title                    = {{Online Learning with Predictable Sequences}},
  Author                   = {{Rakhlin}, A. and {Sridharan}, K.},
  Journal                  = {ArXiv e-prints},
  Year                     = {2012},

  Month                    = aug,

  Adsnote                  = {Provided by the SAO/NASA Astrophysics Data System},
  Adsurl                   = {http://adsabs.harvard.edu/abs/2012arXiv1208.3728R},
  Archiveprefix            = {arXiv},
  Eprint                   = {1208.3728},
  Keywords                 = {Statistics - Machine Learning, Computer Science - Learning},
  Primaryclass             = {stat.ML}
}

@InProceedings{Roughgarden:2009:IRP:1536414.1536485,
  Title                    = {Intrinsic Robustness of the Price of Anarchy},
  Author                   = {Roughgarden, Tim},
  Booktitle                = {Proceedings of the Forty-first Annual ACM Symposium on Theory of Computing},
  Year                     = {2009},

  Address                  = {New York, NY, USA},
  Pages                    = {513--522},
  Publisher                = {ACM},
  Series                   = {STOC '09},

  Acmid                    = {1536485},
  Doi                      = {10.1145/1536414.1536485},
  ISBN                     = {978-1-60558-506-2},
  Keywords                 = {congestion games, nash equilibria, price of anarchy, regret-minimizat},
  Location                 = {Bethesda, MD, USA},
  Numpages                 = {10},
  Url                      = {http://doi.acm.org/10.1145/1536414.1536485}
}

@Book{schoelkopf2002learning,
  Title                    = {Learning with Kernels: Support Vector Machines, Regularization, Optimization, and Beyond},
  Author                   = {Sch{\"o}lkopf, B. and Smola, A.J.},
  Publisher                = {MIT Press},
  Year                     = {2002},
  Series                   = {Adaptive computation and machine learning},

  ISBN                     = {9780262194754},
  Lccn                     = {2001095750},
  Url                      = {https://books.google.de/books?id=y8ORL3DWt4sC}
}

@Article{Foundations,
  Title                    = {Online Learning and Online Convex Optimization},
  Author                   = {Shai Shalev-Shwartz},
  Journal                  = {Foundations and TrendsÂ® in Machine Learning},
  Year                     = {2012},
  Number                   = {2},
  Pages                    = {107-194},
  Volume                   = {4},

  Doi                      = {10.1561/2200000018},
  ISSN                     = {1935-8237},
  Url                      = {http://dx.doi.org/10.1561/2200000018}
}

@Article{2015arXiv150700407S,
  Title                    = {{Fast Convergence of Regularized Learning in Games}},
  Author                   = {{Syrgkanis}, V. and {Agarwal}, A. and {Luo}, H. and {Schapire}, R.~E. },
  Journal                  = {ArXiv e-prints},
  Year                     = {2015},

  Month                    = jul,

  Adsnote                  = {Provided by the SAO/NASA Astrophysics Data System},
  Adsurl                   = {http://adsabs.harvard.edu/abs/2015arXiv150700407S},
  Archiveprefix            = {arXiv},
  Eprint                   = {1507.00407},
  Keywords                 = {Computer Science - Computer Science and Game Theory, Computer Science - Artificial Intelligence, Computer Science - Learning},
  Primaryclass             = {cs.GT}
}

@ARTICLE{2013arXiv1311.1869R,
   author = {{Rakhlin}, A. and {Sridharan}, K.},
    title = "{Optimization, Learning, and Games with Predictable Sequences}",
  journal = {ArXiv e-prints},
archivePrefix = "arXiv",
   eprint = {1311.1869},
 primaryClass = "cs.LG",
 keywords = {Computer Science - Learning, Computer Science - Computer Science and Game Theory},
     year = 2013,
    month = nov,
   adsurl = {http://adsabs.harvard.edu/abs/2013arXiv1311.1869R},
  adsnote = {Provided by the SAO/NASA Astrophysics Data System}
}

